<?xml version="1.0" encoding="UTF-8"?><collection xmlns="http://www.loc.gov/MARC21/slim"><record><leader>00443nam--2200133-i-4500</leader><controlfield tag="001">000038796</controlfield><controlfield tag="002">20161230</controlfield><controlfield tag="005">20161230201042</controlfield><controlfield tag="008">060222s1000------------r-----000-0-eng-d</controlfield><datafield ind1=" " ind2=" " tag="080"><subfield code="a">541:577</subfield></datafield><datafield ind1=" " ind2=" " tag="100"><subfield code="a">R Ich,Alexander And Davidson,Norman</subfield></datafield><datafield ind1=" " ind2=" " tag="245"><subfield code="a">Structural chemisty and molecular biology. a volume dedicated to linus paulingby his students, collegues and friends</subfield></datafield><datafield ind1=" " ind2=" " tag="260"><subfield code="a">San Francisco, W.H.Freeman And Co.,1968. 907 P</subfield></datafield><datafield ind1=" " ind2=" " tag="852"><subfield code="a">30611</subfield></datafield></record></collection>